
@Article{	  akpinar2016high,
  title		= {High-throughput single-cell kinetics of virus infections
		  in the presence of defective interfering particles},
  author	= {Akpinar, Fulya and Timm, Andrea and Yin, John},
  journal	= {Journal of virology},
  volume	= {90},
  number	= {3},
  pages		= {1599--1612},
  year		= {2016},
  publisher	= {Am Soc Microbiol}
}

@Article{	  baum2010preference,
  title		= {Preference of RIG-I for short viral RNA molecules in
		  infected cells revealed by next-generation sequencing},
  author	= {Baum, Alina and Sachidanandam, Ravi and
		  Garc{\'\i}a-Sastre, Adolfo},
  journal	= {Proceedings of the National Academy of Sciences},
  volume	= {107},
  number	= {37},
  pages		= {16303--16308},
  year		= {2010},
  publisher	= {National Acad Sciences}
}

@Article{	  bhushal2017cell,
  title		= {cell Polarization and epigenetic status shape the
		  heterogeneous response to Type iii interferons in
		  intestinal epithelial cells},
  author	= {Bhushal, Sudeep and Wolfsm{\"u}ller, Markus and
		  Selvakumar, Tharini A and Kemper, Lucas and Wirth, Dagmar
		  and Hornef, Mathias W and Hauser, Hansj{\"o}rg and
		  K{\"o}ster, Mario},
  journal	= {Frontiers in Immunology},
  volume	= {8},
  year		= {2017},
  publisher	= {Frontiers Media SA}
}

@Article{	  delbruck1945burst,
  title		= {The burst size distribution in the growth of bacterial
		  viruses (bacteriophages)},
  author	= {Delbr{\"u}ck, M},
  journal	= {Journal of bacteriology},
  volume	= {50},
  number	= {2},
  pages		= {131},
  year		= {1945},
  publisher	= {American Society for Microbiology (ASM)}
}

@Article{	  hatada1989control,
  title		= {Control of influenza virus gene expression: quantitative
		  analysis of each viral RNA species in infected cells},
  author	= {Hatada, Eriko and Hasegawa, Masakazu and Mukaigawa, Jun
		  and Shimizu, Kazufumi and Fukuda, Ryuji},
  journal	= {The Journal of Biochemistry},
  volume	= {105},
  number	= {4},
  pages		= {537--546},
  year		= {1989},
  publisher	= {Oxford University Press}
}

@Article{	  kawakami2011strand,
  title		= {Strand-specific real-time RT-PCR for distinguishing
		  influenza vRNA, cRNA, and mRNA},
  author	= {Kawakami, Eiryo and Watanabe, Tokiko and Fujii, Ken and
		  Goto, Hideo and Watanabe, Shinji and Noda, Takeshi and
		  Kawaoka, Yoshihiro},
  journal	= {Journal of virological methods},
  volume	= {173},
  number	= {1},
  pages		= {1--6},
  year		= {2011},
  publisher	= {Elsevier}
}

@Article{	  lopez2014defective,
  title		= {Defective viral genomes: critical danger signals of viral
		  infections},
  author	= {L{\'o}pez, Carolina B},
  journal	= {Journal of virology},
  volume	= {88},
  number	= {16},
  pages		= {8720--8723},
  year		= {2014},
  publisher	= {Am Soc Microbiol}
}

@Article{	  saira2013sequence,
  title		= {Sequence analysis of in vivo defective interfering-like
		  RNA of influenza A H1N1 pandemic virus},
  author	= {Saira, Kazima and Lin, Xudong and DePasse, Jay V and
		  Halpin, Rebecca and Twaddle, Alan and Stockwell, Timothy
		  and Angus, Brian and Cozzi-Lepri, Alessandro and Delfino,
		  Marina and Dugan, Vivien and others},
  journal	= {Journal of virology},
  volume	= {87},
  number	= {14},
  pages		= {8064--8074},
  year		= {2013},
  publisher	= {Am Soc Microbiol}
}

@Article{	  schulte2014single,
  title		= {Single-cell analysis uncovers extensive biological noise
		  in poliovirus replication},
  author	= {Schulte, Michael B and Andino, Raul},
  journal	= {Journal of virology},
  volume	= {88},
  number	= {11},
  pages		= {6205--6212},
  year		= {2014},
  publisher	= {Am Soc Microbiol}
}

@Article{	  shalek2013single,
  title		= {Single-cell transcriptomics reveals bimodality in
		  expression and splicing in immune cells},
  author	= {Shalek, Alex K and Satija, Rahul and Adiconis, Xian and
		  Gertner, Rona S and Gaublomme, Jellert T and Raychowdhury,
		  Raktima and Schwartz, Schragi and Yosef, Nir and Malboeuf,
		  Christine and Lu, Diana and others},
  journal	= {Nature},
  volume	= {498},
  number	= {7453},
  pages		= {236},
  year		= {2013},
  publisher	= {NIH Public Access}
}

@Article{	  shalek2014single,
  title		= {Single cell RNA Seq reveals dynamic paracrine control of
		  cellular variation},
  author	= {Shalek, Alex K and Satija, Rahul and Shuga, Joe and
		  Trombetta, John J and Gennert, Dave and Lu, Diana and Chen,
		  Peilin and Gertner, Rona S and Gaublomme, Jellert T and
		  Yosef, Nir and others},
  journal	= {Nature},
  volume	= {510},
  number	= {7505},
  pages		= {363},
  year		= {2014},
  publisher	= {NIH Public Access}
}

@Article{	  shapiro1987influenza,
  title		= {Influenza virus gene expression: control mechanisms at
		  early and late times of infection and nuclear-cytoplasmic
		  transport of virus-specific RNAs.},
  author	= {Shapiro, GI and Gurney, T and Krug, RM},
  journal	= {Journal of virology},
  volume	= {61},
  number	= {3},
  pages		= {764--773},
  year		= {1987},
  publisher	= {Am Soc Microbiol}
}

@Article{	  tapia2013defective,
  title		= {Defective viral genomes arising in vivo provide critical
		  danger signals for the triggering of lung antiviral
		  immunity},
  author	= {Tapia, Karla and Kim, Won-keun and Sun, Yan and
		  Mercado-L{\'o}pez, Xiomara and Dunay, Emily and Wise, Megan
		  and Adu, Michael and L{\'o}pez, Carolina B},
  journal	= {PLoS pathogens},
  volume	= {9},
  number	= {10},
  pages		= {e1003703},
  year		= {2013},
  publisher	= {Public Library of Science}
}

@Article{	  trapnell2014pseudo,
  title		= {Pseudo-temporal ordering of individual cells reveals
		  dynamics and regulators of cell fate decisions},
  author	= {Trapnell, Cole and Cacchiarelli, Davide and Grimsby, Jonna
		  and Pokharel, Prapti and Li, Shuqiang and Morse, Michael
		  and Lennon, Niall J and Livak, Kenneth J and Mikkelsen,
		  Tarjei S and Rinn, John L},
  journal	= {Nature Biotechnology},
  volume	= {32},
  number	= {4},
  pages		= {381},
  year		= {2014},
  publisher	= {NIH Public Access}
}

@Article{	  zhu2009growth,
  title		= {Growth of an RNA virus in single cells reveals a broad
		  fitness distribution},
  author	= {Zhu, Ying and Yongky, Andrew and Yin, John},
  journal	= {Virology},
  volume	= {385},
  number	= {1},
  pages		= {39--46},
  year		= {2009},
  publisher	= {Elsevier}
}
